@InProceedings{Lecun99objectrecognition,
  author = {Yann Lecun and Patrick Haffner and LÃ©on Bottou and Yoshua Bengio},
  title = {Object Recognition with Gradient-Based Learning},
  booktitle = {Contour and Grouping in Computer Vision},
  year = {1999},
  publisher = {Springer}
}

@misc{goodfellow2014generative,
  title={Generative Adversarial Networks},
  author={Ian J. Goodfellow and Jean Pouget-Abadie and Mehdi Mirza and Bing Xu and David Warde-Farley and Sherjil Ozair and Aaron Courville and Yoshua Bengio},
  year={2014},
  eprint={1406.2661},
  archivePrefix={arXiv},
  primaryClass={stat.ML}
}

@InProceedings{RFB15a,
  author       = "O. Ronneberger and P.Fischer and T. Brox",
  title        = "U-Net: Convolutional Networks for Biomedical Image Segmentation",
  booktitle    = "Medical Image Computing and Computer-Assisted Intervention (MICCAI)",
  series       = "LNCS",
  volume       = "9351",
  pages        = "234--241",
  year         = "2015",
  publisher    = "Springer",
  note         = "(available on arXiv:1505.04597 [cs.CV])",
  url          = "http://lmb.informatik.uni-freiburg.de/Publications/2015/RFB15a"
}

@misc{he2015deep,
  title={Deep Residual Learning for Image Recognition},
  author={Kaiming He and Xiangyu Zhang and Shaoqing Ren and Jian Sun},
  year={2015},
  eprint={1512.03385},
  archivePrefix={arXiv},
  primaryClass={cs.CV}
}

@book{Goodfellow-et-al-2016,
  title={Deep Learning},
  author={Ian Goodfellow and Yoshua Bengio and Aaron Courville},
  publisher={MIT Press},
  note={\url{http://www.deeplearningbook.org}},
  year={2016},
  chapter={9}
}

@misc{isola2018imagetoimage,
  title={Image-to-Image Translation with Conditional Adversarial Networks},
  author={Phillip Isola and Jun-Yan Zhu and Tinghui Zhou and Alexei A. Efros},
  year={2018},
  eprint={1611.07004},
  archivePrefix={arXiv},
  primaryClass={cs.CV}
}

@book{zhang2020dive,
  title={Dive into Deep Learning},
  author={Aston Zhang and Zachary C. Lipton and Mu Li and Alexander J. Smola},
  note={\url{https://d2l.ai}},
  year={2020}
}

@book{chollet2017,
  author = {Chollet, Francois},
  title = {Deep Learning with Python},
  year = {2017},
  isbn = {1617294438},
  publisher = {Manning Publications Co.},
  address = {USA},
  edition = {1st}
}

@misc{mirza2014conditional,
  title={Conditional Generative Adversarial Nets},
  author={Mehdi Mirza and Simon Osindero},
  year={2014},
  eprint={1411.1784},
  archivePrefix={arXiv},
  primaryClass={cs.LG}
}

@misc{radford2016unsupervised,
  title={Unsupervised Representation Learning with Deep Convolutional Generative Adversarial Networks},
  author={Alec Radford and Luke Metz and Soumith Chintala},
  year={2016},
  eprint={1511.06434},
  archivePrefix={arXiv},
  primaryClass={cs.LG}
}

@misc{kingma2017adam,
  title={Adam: A Method for Stochastic Optimization},
  author={Diederik P. Kingma and Jimmy Ba},
  year={2017},
  eprint={1412.6980},
  archivePrefix={arXiv},
  primaryClass={cs.LG}
}
